@MISC{wiki/webserver,
AUTHOR="John Doe",
TITLE="The Book without Title",
URL="https://www.w3.org/TR/owl2-overview/",
}

@MISC{private-key-extraction,
TITLE="Extracting RSA private keys and certificates from process memory",
URL="http://www.trapkit.de/papers/keyfinder_v1.0_20060205.pdf"
}

@MISC{playing-hide-and-seek-with-stored-keys,
AUTHOR="Adi Shamir and Nicko van Someren",
TITLE="Playing hide and seek with stored keys",
URL="http://hawaii.ms11.net/keyhide2.pdf"
}

@MISC{number_of_wordpress_sites,
TITLE="Usage of content management systems for websites",
URL="https://w3techs.com/technologies/overview/content_management/all/"
}

@MISC{wiki/coredump,
TITLE="Core dump wiki",
URL="https://en.wikipedia.org/wiki/Core_dump"
}

@MISC{man/coredump,
TITLE="Core dump man",
URL="https://linux.die.net/man/5/core"
}

@MISC{tls,
TITLE="Transport Layer Security",
URL="https://en.wikipedia.org/wiki/Transport_Layer_Security"
}

@MISC{PKI,
TITLE="Public key infrastructure",
URL="https://en.wikipedia.org/wiki/Public_key_infrastructure"
}

@MISC{mitm,
TITLE="Man-in-the-middle attack",
URL="https://en.wikipedia.org/wiki/Man-in-the-middle_attack"
}

@MISC{heartbleed,
TITLE="Heartbleed",
URL="http://heartbleed.com/"
}

@MISC{heartbleed/investigation,
TITLE="Heartbleed cloudflare challenge",
URL="https://blog.cloudflare.com/answering-the-critical-question-can-you-get-private-ssl-keys-using-heartbleed/"
}

@MISC{heartbleed/Indutny,
TITLE="Cracking Cloudflare's heartbleed challenge",
URL="http://darksi.de/9.heartbleed/"
}

@MISC{error-types,
TITLE="Безопасность доступа к памяти",
URL="https://ru.wikipedia.org/wiki/%D0%91%D0%B5%D0%B7%D0%BE%D0%BF%D0%B0%D1%81%D0%BD%D0%BE%D1%81%D1%82%D1%8C_%D0%B4%D0%BE%D1%81%D1%82%D1%83%D0%BF%D0%B0_%D0%BA_%D0%BF%D0%B0%D0%BC%D1%8F%D1%82%D0%B8#.D0.A2.D0.B8.D0.BF.D1.8B_.D0.BE.D1.88.D0.B8.D0.B1.D0.BE.D0.BA_.D0.BF.D0.B0.D0.BC.D1.8F.D1.82.D0.B8"
}

@MISC{lfi,
TITLE="Local File Inclusion",
URL="http://hakipedia.com/index.php/Local_File_Inclusion"
}

как крашнуть пхп
https://ilia.ws/archives/5_Top_10_ways_to_crash_PHP.html
http://www.cvedetails.com/cve/cve-2010-3710
